@inproceedings{comparitiveEspnow,
	title={Comparative performance study of ESP-NOW, Wi-Fi, bluetooth protocols based on range, transmission speed, latency, energy usage and barrier resistance},
	author={Eridani, Dania and Rochim, Adian Fatchur and Cesara, Faiz Noerdiyan},
	booktitle={2021 international seminar on application for technology of information and communication (iSemantic)},
	pages={322--328},
	year={2021},
	organization={IEEE}
}

@article{iot,
	title={THE DIGITAL WEIGHT SCALE OF IoT SYSTEM USING LOAD CELL SENSOR IN UD. PANGRUKTI TANI},
	author={Budoyo, YD and Andriana, Anna Dara},
	journal={Jurnal Ilmiah Komputer dan Informatika (KOMPUTA)}
	year={2019}
}
